@MISC{tudhardwaretaurus,
  title        = {Hardware Spezifikationen des Taurus Clusters},
  author       = {},
  howpublished = "\url{https://doc.zih.tu-dresden.de/hpc-wiki/bin/view/Compendium/HardwareTaurus}",
  note         = "[Online; visited 2014-11-02]"
}
@MISC{cpuworldxeon,
  title        = {Spezifikationen des Intel Xeon E5-2690},
  author       = {},
  howpublished = "\url{http://www.cpu-world.com/CPUs/Xeon/Intel-Xeon\%20E5-2690.html}",
  note         = "[Online; visited 2014-11-02]"
}
@MISC{cpuworldi3,
  title        = {Spezifikationen des Intel Xeon i3-3220},
  author       = {},
  howpublished = "\url{http://www.cpu-world.com/CPUs/Core_i3/Intel-Core\%20i3-3220.html}",
  note         = "[Online; visited 2014-11-02]"
}
@MISC{socacheflush,
  title        = {How can I do a CPU cache flush?},
  author       = {},
  howpublished = "\url{https://stackoverflow.com/questions/1756825/how-can-i-do-a-cpu-cache-flush}",
  note         = "[Online; visited 2014-11-02]"
}
@MISC{inteli3,
  title        = {Spezifikationen des Intel Xeon i3-3220},
  author       = {},
  howpublished = "\url{http://ark.intel.com/products/65693/Intel-Core-i3-3220-Processor-3M-Cache-3_30-GHz}",
  note         = "[Online; visited 2014-11-02]"
}